@article{Agarwal2002,
    title	= {Zero-inflated models with application to spatial count data},	author	= {Agarwal and  D. and Gelfand and  A. and Citron-Pousty, S},	
    journal	= {Environmental and ecological statistics},
    volume	= {9 (4)},
    number	= {4},
    pages	= {341--355},
    year	= {2002}
}

@article{Alzaid1987,
     title = {First-order integer-valued autoregressive ({INAR (1)}) process.},
     author = {Al-Osh ,  M., and Alzaid , A. A.},
     journal = {Journal of Time Series Analysis},
     volume = {8 (3)},
     number = {3},
     pages = {261-275},
     year = {1987},
    }

@article{Barreto2015,
     title = {Zero-Modified Geometric {INAR(1)} process for modelling count time series with deflation or inflation of zeros.},
     author = {Barreto-Souza , W.},
     journal = {Journal of Time Series Analysis},
     volume = {36 (6)},
     number = {(6)},
     pages = {839-852},
     year = {2015},
    }

@article{Bohning1999,
     title = {The zero-inflated Poisson model and the decayed, missing and filled teeth index in dental epidemiology.},
     author = {Bohning and D. and Dietz and E. and Schlattmann and P. and Mendonca and L. and Kirchner and U.},
     journal = {Journal of the Royal Statistical Society.},
     volume = {Series A (Statistics in Society)},
     number = {(Statistics in Society)},
     pages = {195-209},
     year = {1999},
    }
   
@article{Garay2011,
     title = {On estimation and influence diagnostics for zero-inflated negative binomial regression models.},
     author = {Garay and A.{ }M. and Hashimoto and E.{ }M. and Ortega and E.{ }M. and Lachos and V.{ }H.},
     journal = {Computational Statistics and Data Analysis},
     volume = {55},
     number = {},
     pages = {1304-1318},
     year = {2011},
    } 
    
@article{Garay2015,
     title = {Bayesian estimation and case influence diagnostics for the zero-inflated Negative Binomial regression model.},
     author = {Garay and A.{ }M. and Lachos and V.{ }H. and Bolfarine and H.},
     journal = {Journal of Applied Statistics},
     volume = {42 (6)},
     number = {(6)},
     pages = {1148-1165},
     year = {2015},
    }
    
@article{Hall2000,
     title = {Zero-inflated Poisson and Binomial regression with random effects: a case study.},
     author = {Hall, D.},
     journal = {Biometrics},
     volume = {56 (4)},
     number = {1},
     pages = {1030-1039},
     year = {2000},
    }

@article{Jazi2015,
     title = {First-order integer valued AR processes with zero inflated Poisson innovations.},
     author = {Jazi and M.{ }A. and Jones and G. and Lai and C.-D.},
     journal = {Biometrics},
     volume = {33 (6)},
     number = {(6)},
     pages = {954-963},
     year = {2012},
    }
    
@article{Lambert1992,
     title = {Zero-inflated Poisson regression, with an application to defects in manufacturing.},
     author = {Lambert, D.},
     journal = {Technometrics},
     volume = {34 (1)},
     number = {(1)},
     pages = {1-14},
     year = {1992},
    }
    
@article{McKenzie1998,
     title = {Some {ARMA} models for dependent sequences of Poisson counts.},
     author = {McKenzie, E.},
     journal = {Advances in Applied Probability},
     volume = {20 (4)},
     number = {(4)},
     pages = {822-835},
     year = {1998},
    }
    
@article{Ristic2009,
     title = {A new Geometric first-order integer-valued autoregressive ({NGINAR (1)}) process.},
     author = {Ristić and M.{ }M. and Bakouch and H.{ }S. and Nastić and A.{ }S.},
     journal = {Journal of Statistical Planning and Inference},
     volume = {139 (7)},
     number = {7},
     pages = {2218-2226},
     year = {2009},
    }
    
@article{Zhou2000,
     title = {Confidence intervals for the mean of diagnostic test charge data containing zeros.},
     author = {Zhou, X., and Tu, W.},
     journal = {Biometrics},
     volume = {56 (4)},
     number = {(4)},
     pages = {1118-1125},
     year = {2000},
    }
    
    
    