@article{Branco2012, 
    AUTHOR = {M. D. Branco and M. C. Genton and B. Liseo}, 
    TITLE = {Objective {B}ayesian Analysis of Skew-t}, 
    JOURNAL= {Scandinavian Journal of Statistics},
    YEAR = {2012}, 
    volume = {40}, 
    pages={63--85},
}

@article{Akaike74,
  AUTHOR =       {H. Akaike},
  TITLE =        {A new look at the statistical model identification},
  JOURNAL =      {IEEE Trans. Autom. Cont.},
  YEAR =         {1974},
  volume =       {19},
  pages =        {716--723}
}

    @article{Andrews1974,
     title = {Scale Mixtures of Normal Distributions},
     author = {Andrews, D. F. and Mallows, C. L.},
     journal = {Journal of the Royal Statistical Society, Series B.},
     volume = {36},
     number = {},
     pages = {99--102},
     year = {1974},
    }





@article{azzalini85,
  AUTHOR =       {A. Azzalini},
  TITLE =        {A class of distributions which includes the normal ones},
  JOURNAL =      {Scandinavian Journal of Statistics},
  YEAR =         {1985},
  volume =       {12},
  number =       {},
  pages =        {171--178}
}
@article{azzalini08,
  AUTHOR =       {A. Azzalini  and M. Genton},
  TITLE =        {Robust likelihood methods based on the skew-t and related distributions},
  JOURNAL =      {International Statistical Review},
  YEAR =         {2008},
  volume =       {76},
  pages =        {1490--1507}
}

@article{ArellanoLachos2005,
  AUTHOR =       {R. B.  Arellano-Valle and H. Bolfarine and V. H. Lachos},
  TITLE =        {Skew-normal linear mixed models},
  JOURNAL =      {Journal of Data Science},
  YEAR =         {2005},
  volume =       {3},
  pages =        {415--438}
}


@article {Arellano2012,
   author = {Arellano-Valle, R. and Castro, L. and Gonz{\'a}lez-Far{\'\i}as, G. and Mu{\~n}oz-Gajardo, K.},
   title = {Student-t censored regression model: properties and inference},
   journal = {Statistical Methods \& Applications},
   year={2012},
   note = {DOI:10.1007/s10260-012-0199-y},
}

@article{arellanovalle2006uvs,
  title={{A unified view on skewed distributions arising from selections}},
  author={R. B. Arellano-Valle and M. D. Branco and M. G.  Genton},
  journal={Canadian Journal of Statistics},
  volume={34},
  number={},
  year={2006}
}


@article{arellano2010multivariate,
  title={Multivariate extended skew-t distributions and related families},
  author={Arellano-Valle, R.B. and Genton, M.G.},
  journal={Metron},
  year={2010},
  volume =       {LXVIII},
  pages =        {201--234}
}


@article{arnold1993nmt,
  title={{The nontruncated marginal of a truncated bivariate normal distribution}},
  author={B . C. Arnold and R. J. Beaver and R. A.  Groeneveld and W. Q. Meeker},
  journal={Psychometrika},
  volume={58},
  number={},
  pages={471--488},
  year={1993}
}

@article{Barros2010,
  title={Influence diagnostics in the tobit censored response model},
  author={Barros, M. and Galea, M. and Gonz{\'a}lez, M. and Leiva, V.},
  journal={Statistical Methods \& Applications},
  volume={19},
  number={},
  pages={716--723},
  year={2010}
}

@article{Branco_Dey01,
  AUTHOR =       {M. D. Branco  and D. K. Dey},
  TITLE =        {A general class of multivariate skew-elliptical distributions},
  JOURNAL =      {Journal of  Multivariate Analysis},
  YEAR =         {2001},
  volume =       {79},
  number =       {},
  pages =        {99--113}
}

@article{Bai89,
  AUTHOR =       {Z. D. Bai and P. R. Krishnaiah and L. C. Zhao},
  TITLE =        {On rates of convergence of efficient detection criteria in signal processing with white noise},
  JOURNAL =      {IEEE Trans. Info. Theory},
  YEAR =         {1989},
  volume =       {35},
  pages =        {380--388}
}

@article{Bayes2007,
  title={{Bayesian inference for the skewness parameter of the scalar skew-normal distribution}},
  author={Cristian L. Bayes and Marcia D. Branco},
  journal={Brazilian Journal of Probability and Statistics},
  year =         {2007},
  volume =       {21},
  number =       {2},
  pages =        {141--163}
  }


@article{Berkane94,
    author  = {M. Berkane and Y. Kano and P. M. Bentler},
    year    = {1994},
    title   = {Pseudo maximum likelihood estimation in elliptical theory: effects of misspecification},
    journal = {Computational Statistical \& Data Analysis},
    volume  = {18},
    pages   = {:255--267}
}
@article{brooks2002,
  AUTHOR =       {Brooks , S. P.},
  TITLE =        {Discussion on the paper by {S}piegelhalter, {B}est,
{C}arlin, and van der {L}inde (2002)},
  JOURNAL =      JRSSB,
  YEAR =         {2002},
  volume =       {64},
  number =       {4},
  pages =        {616--618} }

@article{Cancho09,
    author  = {V. C. Cancho and V. H. Lachos and  E. M. M Ortega},
    year    = {2009},
    title   = {A nonlinear regression model with skew-normal errors},
    journal = {Statistical Papers},
    volume  = {doi:10.1007/s00362-008-0139-y}
}

@article{zhu2013diagnostics,
  title={Diagnostics for a Linear Model with First-Order Autoregressive Symmetrical Errors},
  author={Zhu, X. X. and Zhu, B. and Cao, C. Z.},
  journal={Communications in Statistics - Theory and Methods},
  volume={42},
  pages={2335--2350},
  year={2013},
  publisher={Taylor \& Francis}
}

@article{Cho2009 ,
  AUTHOR =       {Cho, Hyunsoon and Ibrahim, Joseph G. and Sinha, Debajyoti and Zhu, Hongtu},
  TITLE =        {Bayesian Case Influence Diagnostics for Survival Models },
  JOURNAL =      {Biometrics},
  YEAR =         {2009},
  volume =       {65},
  pages =        {116--124}
}

@article{Choy1997,
year={1997},
journal={Test},
volume={6},
number={},
title={Hierarchical models with scale mixtures of normal distributions},
author={Choy, S. T. B. and Smith, A. F. M.},
pages={205--221},
}



@article{celso2012,
  AUTHOR =       {Cabral, C. R. B. and Lachos, V. H. and  Madruga, M. R.},
  TITLE =        {Bayesian analysis of skew-normal independent linear mixed models with heterogeneity in the random-effects population},
   JOURNAL =      {Journal of Statistical Planning and Inference},
  YEAR =         {2012},
  VOLUME =       {142},
  PAGES =        {181-200},
}

@article{R{\^o}muloBarbosaCabral2012181,
title = "Bayesian analysis of skew-normal independent linear mixed models with heterogeneity in the random-effects population",
journal = "Journal of Statistical Planning and Inference",
volume = "142",
pages = "181--200",
year = "2012",
note = "",
author = "Celso R{\^o}mulo Barbosa Cabral and V{\'\i}ctor Hugo Lachos and Maria Regina Madruga",
}






@book{cl2001,
  AUTHOR =       {Carlin, B. P. and Louis, T. A. },
  TITLE =        {Bayes and Empirical Bayes Methods for Data Analysis},
   EDITION = {2nd},
  PUBLISHER =    {Chapman \& Hall/CRC},
   ADDRESS = {Boca Raton},
  YEAR =         {2001},
}

@article{Cysneiros08,
  AUTHOR =       {F. J. A. Cysneiros and L. H. Vanegas},
  TITLE =        {Residuals and Their Statistical Properties in Symmetrical Nonlinear Models},
  JOURNAL =      {Statistics \& Probability Letters},
  YEAR =         {2008},
  volume =       {78},
  pages =        {3269--3273}
}

@article{cysneiros2005,
  title={Restricted methods in symmetrical linear regression models},
  author={F. J. A. Cysneiros and G. A. Paula},
  journal={Computational Statistics \& Data Analysis},
  volume={49},
  pages={689--708},
  year={2005},
}

@article{Cordeiro09,
  AUTHOR =       {G. M. Cordeiro and A. H. M. A. Cysneiros and F. J. A. Cysneiros},
  TITLE =        {Corrected Maximum Likelihood Estimators in Heteroscedastic Symmetric Nonlinear Models},
  JOURNAL =      {Journal of Statistical Computation and Simulation},
  YEAR =         {2009},
  volume =       {doi:10.1080/00949650802706420},
}

@article{cook77,
    author  = {Cook, R. D. },
    year    = {1977},
    title   = {Detection of influential observation in linear regression},
    journal = {Technometrics},
    volume  = {},
    pages   = {15--18}
    }

@article{cook86,
    author  = {R. D. Cook},
    year    = {1986},
    title   = {Assessment of local influence},
    journal = {Journal of the Royal Statistical Society, Series B},
    volume  = {48},
    pages   = {133--169}
    }

@article {Cowles96,
    AUTHOR = {M. K. Cowles and B. P. Carlin},
     TITLE = {{M}arkov chain {M}onte {C}arlo convergence diagnostics: a comparative review},
   JOURNAL = {Journal of the American Statistical Association},
    VOLUME = {91},
      YEAR = {1996},
         PAGES = {883--904} }

    @article {Chib95,
    AUTHOR = {  S. Chib  and E. Greenberg},
     TITLE = {Understanding the Metropolis-Hastings Algorithm},
   JOURNAL = {The American Statistician},
    VOLUME = {49},
      YEAR = {1995},
         PAGES = {327--335} }

@article{Dempster77,
    author  = {A. Dempster and N. Laird and D. Rubin},
    year    = {1977},
    title   = {Maximum likelihood from incomplete data via the {EM} algorithm},
    journal = {Journal of the Royal Statistical Society, Series B,},
    volume  = {39},
    pages   = {1--38}
    }

@article{dipak1997,
  AUTHOR =       {D. K. Dey and M. H. Chen and H. Chang},
  TITLE =        {Bayesian Approach for the Nonlinear Random Effects Models},
  JOURNAL =      {Biometrics},
  YEAR =         {1997},
  volume =       {53},
  number =       {},
  pages =        {1239--1252}
}


@article{Fonseca2008,
  title={{Objective Bayesian analysis for the Student-t regression model}},
  author={T. C. O. Fonseca and M. A. R.  Ferreira and H. S. Migon},
  journal={Biometrika},
  volume={95},
  pages={325--333},
   year={2008},
}


@article{Foong99,
    author  = {F. S. Foong},
    year    = {1999},
    title   = {Impact of mixture on potential evapotranspiration, growth and yield of palm oil},
    journal = {PORIM Interl. Palm Oil Cong. (Agric.)},
    pages   = {265--287}
    }


    @article{F2004,
     title = {Bayesian Analysis of the Heterogeneity Model},
     author = {Fr{\"u}hwirth-Schnatter, Sylvia and T{\"u}chler, Regina and Otter, Thomas},
     journal = {Journal of Business \& Economic Statistics},
     volume = {22},
     number = {1},
     pages = {2--15},
     year = {2004},
    }


@article{Galea05,
    author  = {M. Galea and G. A. Paula and F. J. A. Cysneiros},
    year    = {2005},
    title   = {On diagnostics in symmetrical nonlinear models},
    journal = {Statistics \& Probability Letters},
    pages   = {459--467}
    }


@Manual{BayesCR,
    title = {BayesCR: Bayesian analysis of censored linear regression models with scale mixtures of normal (SMN) distributions},
    author = {A. M. Garay and V. H. Lachos},
    year = {2013},
    note = {R package v. 1.0},
    url = {http://CRAN.R-project.org/package=BayesCR}
  }


@article{genz2008mvtnorm,
  title={{mvtnorm: Multivariate Normal and t Distribution}},
  author={Genz, A. and Bretz, F. and Hothorn, T. and Miwa, T. and Mi, X. and Leisch, F. and Scheipl, F.},
  journal={R package version 0.9-2, URL http://CRAN. R-project. org/package= mvtnorm},
  year={2008}
}


@article{GEWEKE93,
  title={{Bayesian treatment of the independent {S}tudent-t linear model.}},
  author={J. Geweke},
  journal={Journal of Applied Econometrics},
  year={1993},
  volume =       {8},
  pages =        {S19--S40}
}

@article{Henze1986,
  AUTHOR =       {N. Henze},
  TITLE =        {A probabilistic representation of the skew-normal distribution},
  JOURNAL =      {Scandinavian Journal of Statistics},
  YEAR =         {1986},
  volume =       {13},
  number =       {},
  pages =        {271--275}
}

@article{hughes1999mixed,
  title={{Mixed effects models with censored data with application to HIV RNA levels}},
  author={Hughes, J.P.},
  journal={Biometrics},
  volume={55},
  number={2},
  pages={625--629},
  year={1999},
  publisher={John Wiley \& Sons}
}

@article{IbacachePulgar20111462,
author = "G. Ibacache-Pulgar and G.  A. Paula",
title = "Local influence for Student-t partially linear models ",
journal = "Computational Statistics \& Data Analysis ",
volume = "55",
pages = "1462--1478",
year = "2011",
}





@article{jacqmin2000analysis,
  title={{Analysis of left-censored longitudinal data with application to viral load in HIV infection}},
  author={Jacqmin-Gadda, H. and Thiebaut, R. and Chene, G. and Commenges, D.},
  journal={Biostatistics},
  volume={1},
  number={4},
  pages={355--368},
  issn={1465-4644},
  year={2000},
  publisher={Biometrika Trust}
}

@article{kimdipak2008,
  AUTHOR =       {S. Kim and M. H. Chen and D. K. Dey},
  TITLE =        {Flexible generalized t-link models for binary response data},
  JOURNAL =      {Biometrika},
  YEAR =         {2008},
  volume =       {95},
  number =       {},
  pages =        {93--106}
}

@article{labra2005,
  AUTHOR =       {F. V.  Labra and R. Aoki and H. Bolfarine},
  TITLE =        {Local influence in null intercept measurement error regression under a {S}tudent-t model},
  JOURNAL =      {Journal of Applied Statistics},
  volume={32},
  pages={723--740},
  YEAR =         {2005}

}

@article{Lachos_Ghosh_Arellano_2009,
  AUTHOR =       {V. H. Lachos and  P. Ghosh and R. B. Arellano-Valle},
  TITLE =        {Likelihood Based Inference for Skew--Normal Independent Linear Mixed Models},
  JOURNAL =      {Statistica Sinica},
  volume={20},
  pages={303--322},
  YEAR =         {2010}

}

@article{lachos2013bayesian,
  title={Bayesian inference in nonlinear mixed--effects models using normal independent distributions},
  author={Lachos, Victor H and Castro, Luis M and Dey, Dipak K},
  journal={Computational Statistics \& Data Analysis},
  year={2013},
  volume={64},
  pages={237-252},
  publisher={Elsevier}
}


@article{lange1989robust,
    author  = {K. L. Lange and R. Little and J. Taylor},
    year    = {1989},
    title   = {Robust statistical modeling using t distribution.},
    journal = {Journal of the American Statistical Association},
    volume  = {84},
    pages   = {881--896}
    }


@article{LairWere82,
    author  = { N. M. Laird and  J. H. Ware},
    year    = {1982},
    title   = {Random effects models for longitudinal data. },
    journal = {Biometrics},
    volume  = {38},
    pages   = {963--974}
    }

@article{Lange93,
    author  = {K. L. Lange and J. S. Sinsheimer},
    year    = {1993},
    title   = {Normal/independent distributions and their applications in robust regression},
    journal = {Journal of  Computational and  Graphical Statistics},
    volume  = {2},
    pages   = {175--198}
    }


@Article{Lenk2000,
  author={Peter Lenk and Wayne DeSarbo},
  title={Bayesian inference for finite mixtures of generalized linear models with random effects},
  journal={Psychometrika},
  year=2000,
  volume={65},
  pages={93--119},
}


@article{Lindstrombates90,
    author  = {M. J. Lindstrom and D. M. Bates},
    year    = {1990},
    title   = {Nonlinear Mixed-Effects Models for Repeated-Measures Data},
    journal = {Biometrics},
    volume  = {46},
    pages   = {673--687}
    }


@article{louis1982finding,
  title={Finding the observed information matrix when using the EM algorithm},
  author={Louis, T.A.},
  journal={Journal of the Royal Statistical Society. Series B (Methodological)},
  pages={226--233},
  year={1982},
  publisher={JSTOR}
}


@article{LeeXu04,
    author  = {S. Y. Lee and L. Xu},
    year    = {2004},
    title   = {RInfluence analysis of nonlinear mixed-effects models.},
    journal = {Computational Statistics and Data Analysis},
    volume  = {45},
    pages   = {321--341}
    }

@article{lucas1997robustness,
  title={{Robustness of the student t based M-estimator}},
  author={Lucas, A.},
  journal={Communications in Statistics-Theory and Methods},
  volume={26},
  number={5},
  pages={1165--1182},
  issn={0361-0926},
  year={1997},
  publisher={Taylor \& Francis}
}

    @article{Mroz1987,
     title = {The sensitivity of an empirical model of married women's hours of work to economic and statistical assumptions},
     author = {T. A. Mroz},
     journal = {Econometrica},
     volume = {55},
     pages = {765--799},
     year = {1987},
    }

@article{McCulloch89,
    author  = {R.  E.  McCulloch},
    year    = {1989},
    title   = {Local Model Influence },
    journal = {Journal of the American Statistical Association},
    volume  = {49},
    pages   = {473-478 }
    }

@article{Massuia,
    author  = {Massuia, M. B. and Cabral, C. R. B. and Matos, L. A. and Lachos, V. H.},
    year    = {2012},
    title   = {Influence diagnostics for {S}tudent-t censored linear regression models},
    journal = {Technical Report},
    volume  = {No. 9--23},
        }


@article{kim2008moments,
  title={Moments of truncated Student-t distribution},
  author={Kim, H. J.},
  journal={Journal of the Korean Statistical Society},
  volume={37},
  number={1},
  pages={81--87},
  year={2008},
  publisher={Elsevier}
}


@article{Lachos09,
    author  = {V. H. Lachos and D. K. Dey and V. G. Cancho},
    year    = {2009},
    title   = {Robust linear mixed models with skew-normal independent distributions from a Bayesian perspective},
    journal = {Journal of Statistical Planning and Inference},
    volume  = {139},
    pages   = {4098-4110}
    }


@article{lachos2011linear,
  title={Linear and Nonlinear Mixed-Effects Models for Censored HIV Viral Loads Using Normal/Independent Distributions},
  author={Lachos, V.H. and Bandyopadhyay, D. and Dey, D.K.},
  journal={Biometrics},
  year={2011},
  publisher={Wiley Online Library}
}

    @article{Lange89,
    author  = {K. L. Lange and R. Little and J. Taylor},
    year    = {1989},
    title   = {Robust statistical modeling using t distribution.},
    journal = {Journal of the American Statistical Association},
    volume  = {84},
    pages   = {881--896}
    }

@article{LessVerbe1998,
  AUTHOR =       { E. Lesaffre  and G. Verbeke},
  TITLE =        {Local influence in linear mixed models},
  JOURNAL =      {Biometrics},
  YEAR =         {1998},
  volume =       {54},
  pages =        {570-582}
}



@Article{LeeXu04,
    author  = {S. Y. Lee and L. Xu},
    year    = {2004},
    title   = {R Influence analysis of nonlinear mixed-effects models.},
    journal = {Computational Statistics \& Data Analysis},
    volume  = {45},
    pages   = {321--341}
    }

@article{lin2007bayesian,
  title={{Bayesian analysis of hierarchical linear mixed modeling using the multivariate t distribution}},
  author={T. I. Lin and J. C.  Lee},
  journal={Journal of Statistical Planning and Inference},
  volume={137},
  pages={484--495},
  year={2007},
  publisher={Elsevier}
}

@ARTICLE{lin2006bayesian,
  author = {Lin, T. I. and Lee, J. C.},
  title = {A robust approach to t linear mixed models applied to multiple sclerosis
    data},
  journal = {Statistics in Medicine},
  year = {2006},
  volume = {25},
  pages = {1397--1412},
  owner = {marcosop},
  timestamp = {2012.05.19}
}

@article{Lin_Lee_Hsieh_mixture_skew_t_2007,
  AUTHOR =       {T. I. Lin and J. C. Lee  and  W. J. Hsieh},
  TITLE =        {Robust mixture modelling using the skew t distribution},
  JOURNAL =      {Statistics and Computing},
  YEAR =         {2007},
  volume =       {17},
  number =       {},
  pages =        {81--92}
}

@article{Lin_Lee_Yen_mixture_skew_normal_2007,
  AUTHOR =       {T. I. Lin and J. C. Lee  and S. Y. Yen},
  TITLE =        {Finite mixture modelling using the skew normal distribution},
  JOURNAL =      {Statistica Sinica},
  YEAR =         {2007},
  volume =       {17},
  number =       {},
  pages =        {909--927}
}

@article{lin2011some,
  title={Some results on the truncated multivariate t distribution},
  author={Lin, T.I. and Ho, H.J. and Chen, H.Y. and Wang, W.L.},
  journal={Journal of Statistical Planning and Inference},
  year={2011},
  publisher={Elsevier}
}

@article{Liu94,
    author  = {C. Liu and D. B. Rubin},
    year    = {1994},
    title   = {The {ECME} algorithm: A simple extension of {EM} and {ECM} with faster monotone convergence},
    journal = {Biometrika},
    volume  = {80},
    pages   = {267--278}
    }

@article{Liu96,
    author  = {C. Liu },
    year    = {1996},
    title   = {Bayesian robust multivariate linear regression with incomplete data},
    journal = {Journal of the
American Statistical Association},
    volume  = {91},
    pages   = { 1219--1227}
    }

@article{lucas1997robustness,
    author  = {A. Lucas },
    year    = {1997},
    title   = {Robustness of the Student t based M
estimator},
    journal = {Communications in Statistics: Theory and Methods},
    volume  = {26},
    pages   = { 1165-118}
    }

@article{louis1982finding,
  title={Finding the observed information matrix when using the EM algorithm},
  author={Louis, T.A.},
  journal={Journal of the Royal Statistical Society. Series B (Methodological)},
  pages={226--233},
  year={1982},
  publisher={JSTOR}
}

@article{lunn2000winbugs,
  title={WinBUGS-a Bayesian modelling framework: concepts, structure, and extensibility},
  author={Lunn, D.J. and Thomas, A. and Best, N. and Spiegelhalter, D.},
  journal={Statistics and computing},
  volume={10},
  number={4},
  pages={325--337},
  year={2000},
  publisher={Springer}
}

@article{Monte09,
    author  = {L. C. Montenegro and V. H. Lachos and H. Bolfarine},
    year    = {2009},
    title   = { Local influence analysis of skew-normal linear mixed models},
    journal = {Communication in Statistics- Theory and Methods},
    volume  = {38},
    pages   = {484--496}
    }

@article{Mattos2013,
    author  = {L. A. Matos and M. O. Prates and M. H. Chen and V. H. Lachos},
    year    = {2013},
    title   = {Likelihood based
  inference for linear and nonlinear mixed-effects models with censored
  response using the multivariate-t distribution},
    journal = {Statistica Sinica},
    volume  = {23},
    pages   = {1323--1345}
    }

@article{Meng93,
    author  = {Xiao{\-}Li Meng and Donald B. Rubin},
    year    = {1993},
    title   = {Maximum likelihood estimation via the {ECM} algorithm: A general framework},
    journal = {Biometrika},
    volume  = {81},
    pages   = {633--648}
    }


@article{mezaestimation,
  title={{Estimation in nonlinear mixed-effects models using heavy-tailed distributions}},
  author={Meza, C. and Osorio, F. and De la Cruz, R.},
  journal={Statistics and Computing},
  issn={0960-3174},
  publisher={Springer},
  year={2011},
 doi = {10.1007/s11222-010-9212-1}
}


@article{Osiewalski99,
  AUTHOR =       {J. Osiewalski},
  TITLE =        {Bayesian analysis of nonlinear regression with equicorrelated elliptical errors},
  JOURNAL =      {Test },
  YEAR =         {1999},
  volume =       {8},
  number =       {},
  pages =        {339--344}
}

@article{park2007censored,
  title={Censored time series analysis with autoregressive moving average models},
  author={Park, Jung Wook and Genton, Marc G and Ghosh, Sujit K},
  journal={Canadian Journal of Statistics},
  volume={35},
  pages={151--168},
  year={2007},
  publisher={Wiley Online Library}
}

@article{OsiewalskiStell93,
  AUTHOR =       {J. Osiewalski and M. F. J. Steel},
  TITLE =        { Robust bayesian-inference in elliptic regression models},
  JOURNAL =      {Journal of Econometrics},
  YEAR =         {1993},
  volume =       {57},
  number =       {},
  pages =        {345--363}
}


@article{Osorio07,
  AUTHOR =       {F. Osorio and G. A. Paula and M. Galea},
  TITLE =        {Assessment of local influence in elliptical linear models with longitudinal structure},
  JOURNAL =      {Computational Statistics and Data Analysis},
  YEAR =         {2007},
  volume =       {51},
  number =       {},
  pages =        {4354--4368}
}


@article{Quintana2006,
  AUTHOR =       {H. Gomez and F. Quintana and F. Torres},
  TITLE =        {A new family of slash-distributions with elliptical contours'},
  JOURNAL =      {Statistics and Probability Letters},
  YEAR =         {2007},
  volume =       {77},
  number =       {},
  pages =        {717--725}
}


    @article{Rosa2003,
    author  = {Rosa, G. J. M. and Padovani, C. R. and Gianola, D.},
    year    = {2003},
    title   = {Robust linear mixed models with Normal/Independent distributions and {B}ayesian {MCMC}
implementation.},
    journal = {Biometrical Journal},
    volume  = {45},
    pages   = {573--590}
    }

    @article{tan2003noniterative,
  title={{A noniterative sampling method for computing posteriors in the structure of EM-type algorithms}},
  author={Tan, M. and Tian, G.L. and Ng, K.W.},
  journal={Statistica Sinica},
  volume={13},
  number={3},
  pages={625--640},
  year={2003}
}


@book{tan2010,
  author =   { Tan, M. and Tian, G.L. and Ng, K.W.},
  title =    {Bayesian Missing Data Problems: EM, Data Augmentation and Noniterative Computation},
  publisher =  {Chapman $\&$ Hall/CRC Biostatistics Series},
  year =     {2009},
  address =      {Boca Raton, NY}  }

@article{PinheiroBates95,
    author  = {J.C. Pinheiro and D.M. Bates},
    year    = {1995},
    title   = {Approximations to the Log-likelihood Function in the Nonlinear Mixed Effects Model},
    journal = {Journal of Computational and Graphical Statistics},
    volume  = {4},
    pages   = {12--35}
    }

@article{Pinheiro01,
    author  = {J. C. Pinheiro and C. H. Liu and Y. N. Wu},
    year    = {2001},
    title   = {Efficient algorithms for robust estimation in linear mixed-effects models using a multivariate t-distribution},
    journal = {Journal of Computational and Graphical Statistics},
    volume  = {10},
    pages   = {249--276}
}



@article{PenDey1995,
    author  = {F. Peng and D. K. Dey},
    year    = {1995},
    title   = {Bayesian analysis of outlier problems using divergence measures},
    journal = {The Canadian Journal of Statistics},
    volume  = {23},
    pages   = {199--213}
}

@article{poon1999conformal,
  title={Conformal normal curvature and assessment of local influence},
  author={Poon, W.Y. and Poon, Y.S.},
  journal={Journal of the Royal Statistical Society: Series B (Statistical Methodology)},
  volume={61},
  number={1},
  pages={51--61},
  year={1999},
  publisher={Wiley Online Library}
}

@article{Cibele09,
  AUTHOR =       {C. M. Russo and G. A. Paula and R. Aoki},
  TITLE =        {Influence diagnostics in nonlinear mixed-effects elliptical models},
  JOURNAL =      {Computational Statistics and Data Analysis},
  YEAR =         {2009},
  volume =       {},
  number =       {},
  pages =        {},
  note =         {doi:10.1016/j.csda.2009.05.004},
}


@article{russo2009influence,
  title={{Influence diagnostics in nonlinear mixed-effects elliptical models}},
  author={Russo, C.M. and Paula, G. A. and Aoki, R.},
  journal={Computational Statistics \& Data Analysis},
  volume={53},
  number={12},
  pages={4143--4156},
  year={2009},
  publisher={Elsevier}
}

@article {sp2002,
    AUTHOR = {D. J. Spiegelhalter  and N. G. Best and Carlin and B. P.
               and A. {van der Linde}},
     TITLE = {Bayesian measures of model complexity and fit},
   JOURNAL = {Journal of the Royal Statistical Society, Series B},
    VOLUME = {64},
      YEAR = {2002},
      PAGES = {583--639} }

@article{self1987asymptotic,
  AUTHOR =       {S. Self and K. Liang},
  TITLE =        {Asymptotic properties of maximum likelihood estimators and
  likelihood ratio test under nonstandard conditions},
  JOURNAL =      {Journal of the American Statistical Association},
  YEAR =         {1987},
  volume =       {},
  number =       {},
  pages =        {605-610}
}

@article{sinha1999bayesian,
  title={{Bayesian Analysis and Model Selection for Interval-Censored Survival Data}},
  author={Sinha, D. and Chen, M. H. and Ghosh, S. K.},
  journal={Biometrics},
  volume={55},
  number={2},
  pages={585--590},
  issn={1541-0420},
  year={1999},
  publisher={Wiley Online Library}
}

@article{Smith1993,
  AUTHOR =       {Smith, A. F. M. and Roberts, G. O.},
  TITLE =        {Bayesian computation via the {G}ibbs sampler and related {M}arkov chain {M}onte {C}arlo method },
  JOURNAL =      {Journal of the Royal Statistical Society, Series B.},
  YEAR =         {1993},
  volume =       {55},
  pages =        {3--24}
}


@article{song2007maximum,
  AUTHOR =       {P. Song  and P. Zhang and A. Qu},
  TITLE =        {Maximum likelihood inference in robust linear mixed-effects models using multivariate t distributions},
  JOURNAL =      {Statistica Sinica},
  YEAR =         {2007},
  volume =       {17},
  number =       {},
  pages =        {929--943}
}

@article{Tierney,
  AUTHOR =       {Tierney, L.},
  TITLE =        {{M}arkow chain for exploring posterior distributions (with discussion)},
  JOURNAL =      {Annals of Statistics},
  YEAR =         {1994},
  volume =       {22},
  pages =        {1701--1762}
}




@article{Xie09,
  AUTHOR =       { F. C.  Xie and B. C. Wei and J. G. Lin},
  TITLE =        {Homogeneity diagnostics for skew-normal nonlinear regression models},
  JOURNAL =      {Statistics \& Probability Letters},
  YEAR =         {2009b},
  volume =       {79},
  pages =        {821--827}
}

@article{Xie10,
  AUTHOR =       { F. C.  Xie and J. G. Lin  and B. C. Wei},
  TITLE =        {Diagnostics for skew-normal nonlinear regression models with AR(1)
errors},
  JOURNAL =      {Computational Statistics \& Data Analysis},
  YEAR =         {2009a},
  volume =       {},
  pages =        {(in press)}
}


@article{vaida2007efficient,
  title={{Efficient hybrid {EM} for linear and nonlinear mixed effects models with censored response}},
  author={F. Vaida and A. P. Fitzgerald and V. DeGruttola},
  journal={Computational statistics \& data analysis},
  volume={51},
  pages={5718--5730},
  year={2007},
  publisher={Elsevier}
}

@article{vaida2009fast,
  title={{Fast implementation for normal mixed effects models with censored response}},
  author={F. Vaida and L. Liu},
  journal={Journal of Computational and Graphical Statistics},
  volume={18},
   pages={797--817},
  year={2009},
  }

@article{villegas2012influence,
  title={Influence diagnostics in generalized symmetric linear models},
  author={Villegas, C. and Paula, G. A. and Cysneiros, F. J. A. and Galea, M.},
  journal={Computational Statistics \& Data Analysis},
  year={2012},
  volume={59},
  pages={161-170},
  publisher={Elsevier}
}

@article{xie2007case,
  title={Case-deletion Influence Measures for the Data from Multivariate t Distributions},
  author={F. C. Xie and B. C. Wei and J. G. Lin},
  journal={Journal of Applied Statistics},
  volume={34},
   pages={907--921},
  year={2007},
 }

@article{Wang_Genton_2006,
  AUTHOR =       {J. Wang  and M.  G. Genton},
  TITLE =        {The multivariate skew-slash distribution},
  JOURNAL =      {Journal of Statistical Planning and Inference},
  YEAR =         {2006},
  volume =       {136},
  number =       {},
  pages =        {209--220}
}


@article{wang2011estimation,
  AUTHOR =       {W. Wang  and T. Fan},
  TITLE =        {Estimation in multivariate t linear mixed models for multivariate longitudinal data},
  JOURNAL =      {Statistica Sinica},
  YEAR =         {2011},
  volume =       {21},
  number =       {},
  pages =        {1857--1880}
}


@article{WolfingerLin_1997,
  AUTHOR =       {R. D. Wolfinger  and X.   Lin},
  TITLE =        {Two  Taylor-series  approximation methods  for  nonlinear mixed  models},
  JOURNAL =      {Computational  Statistics  and  Data Analysis },
  YEAR =         {1997},
  volume =       {25},
  number =       {},
  pages =        {465--490}
}

@article{wu2005statistical,
  title={{Statistical methods for HIV dynamic studies in AIDS clinical trials}},
  author={H. Wu},
  journal={Statistical Methods in Medical Research},
  volume={14},
   pages={171--192},
  issn={0962-2802},
  year={2005},
}


@article{Zavalli_2006,
  AUTHOR =       {C. Savalli and G. A. Paula and F. J. A. Cysneiros},
  TITLE =        {Assessment of variance components in elliptical linear mixed models},
  JOURNAL =      {Statistical Modelling},
  YEAR =         {2006},
  volume =       {6},
  number =       {},
  pages =        {59--76}
}


@article{ZhuLee2001,
  AUTHOR =       {H. Zhu and S. Lee},
  TITLE =        {Local influence for incomplete-data models},
  JOURNAL =      {Journal of the Royal Statistical Society, Series B},
  YEAR =         {2001},
  volume =       {63},
  number =       {},
  pages =        {111-126}
}


@book{cook82,
   AUTHOR = {R. D. Cook and S. Weisberg},
    TITLE = {Residuals and Influence in Regression},
PUBLISHER = {Chapman \& Hall/CRC},
     YEAR = {1982} }


@book{CoxHinkley74,
   AUTHOR = {D.R. Cox and D.V. Hinkley},
    TITLE = { Theoretical Statistics},
PUBLISHER = {Chapman \& Hall/CRC},
  ADDRESS = {New York, NY},
     YEAR = {1974} }

@book{chen2000,
  author =   {M.-H. Chen  and Q.-M. Shao  and J. G. Ibrahim},
  title =    {Monte Carlo Methods in Bayesian Computation},
  publisher =  {Springer--Verlag},
  year =     {2000},
    }

@book{gelman.2004,
      title={Bayesian data analysis},
      author={A. Gelman and J. B. Carlin and  H. S. Stern and D. B. Rubin},
      year={2004},
      publisher={Chapman \& Hall/CRC}
}



@book{Gelmanetal2006,
  author =   { A. Gelman and J.B. Carlin and D. Rubin},
  title =    {Bayesian Data Analysis},
  publisher =  {Chapman \& Hall/CRC},
  year =     {2006},
  address =      {New York, NY}  }



@book{PinheiroBates2000,
  author =   { J. C. Pinheiro and  and M. D. Bates},
  title =    {Mixed-Effects Models in S and S-PLUS},
  publisher =  {Springer},
  year =     {2000},
  }



@article{saitoh2008clinical,
  title={{Clinical outcomes after an unstructured treatment interruption in children and adolescents with perinatally acquired {HIV} infection}},
  author={A. Saitoh and M. Foca and R. M. Viani and S.  Heffernan-Vacca and F. Vaida  and J. Lujan-Zilbermann       and P. J. Emmanuel
  and J. G. Deville and S. A. Spector},
  journal={Pediatrics},
  volume={121},
   pages={e513--e521},
  year={2008},
}

@INPROCEEDINGS{Gelfand.Dey.Chang.1992,
  author =       {A. E. Gelfand  and D. K. Dey and H . Chang},
  title =        {Model determination using predictive distributions with
              implementation via sampling based methods (with discussion)},
  booktitle =    {Bayesian Statistics 4},
  year =         {1992},
  editor =       {J. M. Bernardo and  J. O. Berger and A. P. Dawid  and A. F. M. Smith},
   pages =        {147--167},
  publisher =    {Oxford University Press},
}

@article{Gelfand1990,
     title = {Illustration of Bayesian Inference in Normal Data Models Using Gibbs Sampling},
     author = {Gelfand, Alan E. and Hills, Susan E. and Racine-Poon, Amy and Smith, Adrian F. M.},
     journal = {Journal of the American Statistical Association},
     volume = {85},
     number = {},
   pages =        {972--985},
     year = {1990},
    }

@book{Gelmanetal2006,
  author =   { A. Gelman and J. B. Carlin and D. Rubin},
  title =    {Bayesian Data Analysis},
  publisher =  {Chapman \& Hall/CRC},
  year =     {2006},
   }

  @book{Wu2010,
  author =   {L. Wu},
  title =    {Mixed Effects Models for Complex Data},
  publisher =  {Chapman \& Hall/CRC},
  year =     {2010},
}

@Book{cook82,
   AUTHOR = {R. D. Cook and S. Weisberg},
    TITLE = {Residuals and Influence in Regression},
PUBLISHER = {Chapman \& Hall/CRC},
     YEAR = {1982}
}

@article{fernandez1999multivariate,
  title={{Multivariate Student-t regression models: pitfalls and inference}},
  author={C. Fern{\'a}ndez and M. J. F Steel},
  journal={Biometrika},
  volume={86},
  pages={153},
  year={1999},
}




